
@book{cascalheiraTecnologiaLiticaAbrigo2010,
	address = {Lisbon},
	series = {Cadernos da {Uniarq}},
	title = {Tecnologia lítica do abrigo {Solutrense} de {Vale} {Boi}},
	copyright = {All rights reserved},
	number = {5},
	publisher = {UNIARQ},
	author = {Cascalheira, João},
	year = {2010},
	keywords = {VALE BOI},
	file = {Cascalheira - 2010 - Tecnologia lítica do abrigo Solutrense de Vale Boi.pdf:E\:\\Zotero\\storage\\WRQNKA2I\\Cascalheira - 2010 - Tecnologia lítica do abrigo Solutrense de Vale Boi.pdf:application/pdf}
}

@book{cascalheiraImpactDrasticEnvironmental2018,
	title = {The impact of drastic environmental changes in prehistoric hunter-gatherer adaptations},
	volume = {33},
	number = {3},
	publisher = {Special Issue in Journal of Quaternary Science},
	author = {Cascalheira, João and Bicho, Nuno},
	year = {2018}
}

@book{cascalheiraShorttermOccupationsPaleolithic2020,
	series = {Interdisciplinary {Contributions} to {Archaeology}},
	title = {Short-term occupations in {Paleolithic} archaeology},
	isbn = {978-3-030-27402-3},
	publisher = {Springer Nature},
	editor = {Cascalheira, João and Picin, Andrea},
	year = {2020}
}

@book{schmidtHumanAdaptationsLast2019,
	title = {Human adaptations to the {Last} {Glacial} {Maximum}: the {Solutrean} and its neighbors.},
	publisher = {Cambridge Scholars Publishing},
	editor = {Schmidt, Isabell and Cascalheira, João and Bicho, Nuno and Weniger, Gerd-Christian},
	year = {2019},
	file = {Schmidt et al. - 2019 - Human adaptations to the Last Glacial Maximum the.pdf:E\:\\Zotero\\storage\\G4DI98ZE\\Schmidt et al. - 2019 - Human adaptations to the Last Glacial Maximum the.pdf:application/pdf}
}

@book{cascalheiraProceedingsConferenceYoung2012,
	address = {Faro},
	title = {Proceedings from {Conference} of {Young} {Researchers} in {Archaeology} ({JIA} 2011)},
	publisher = {Universidade do Algarve},
	editor = {Cascalheira, João and Gonçalves, Célia},
	year = {2012}
}
